<record><leader>00000cas a22000007a 4500</leader><controlfield tag="001">63130393</controlfield><controlfield tag="008">060123d20062006inudn ne      0    0eng d</controlfield><datafield ind1=" " ind2=" " tag="010"><subfield code="a">sn2006060701</subfield></datafield><datafield ind1=" " ind2=" " tag="040"><subfield code="a">NPI</subfield><subfield code="b">eng</subfield><subfield code="c">NPI</subfield><subfield code="d">NPI</subfield><subfield code="d">OCLCF</subfield><subfield code="d">OCLCO</subfield><subfield code="d">IUL</subfield></datafield><datafield ind1=" " ind2=" " tag="042"><subfield code="a">msc</subfield></datafield><datafield ind1=" " ind2=" " tag="043"><subfield code="a">n-us-in</subfield></datafield><datafield ind1="0" ind2=" " tag="130"><subfield code="a">Daily world (Linton, Ind.)</subfield></datafield><datafield ind1="1" ind2="4" tag="245"><subfield code="a">The daily world.</subfield></datafield><datafield ind1=" " ind2=" " tag="260"><subfield code="a">Linton, Ind. :</subfield><subfield code="b">Rust Communications,</subfield><subfield code="c">2006.</subfield></datafield><datafield ind1=" " ind2=" " tag="300"><subfield code="a">1 v . :</subfield><subfield code="b">ill. ;</subfield><subfield code="c">58 cm.</subfield></datafield><datafield ind1=" " ind2=" " tag="310"><subfield code="a">Daily (except Saturday, Sunday, New Year's Day, Memorial Day, July 4th, Labor Day, Thanksgiving Day, and Christmas Day)</subfield></datafield><datafield ind1="0" ind2=" " tag="362"><subfield code="a">Vol. 1, no. 1 (Jan 3, 2006)-v. 1, no. 241 (Dec. 29, 2006).</subfield></datafield><datafield ind1=" " ind2=" " tag="500"><subfield code="a">"Covering Greene County."</subfield></datafield><datafield ind1=" " ind2="0" tag="651"><subfield code="a">Linton (Ind.)</subfield><subfield code="v">Newspapers.</subfield></datafield><datafield ind1=" " ind2="0" tag="651"><subfield code="a">Greene County (Ind.)</subfield><subfield code="v">Newspapers.</subfield></datafield><datafield ind1=" " ind2="7" tag="651"><subfield code="a">Indiana</subfield><subfield code="z">Greene County.</subfield><subfield code="2">fast</subfield><subfield code="0">(OCoLC)fst01218074</subfield></datafield><datafield ind1=" " ind2="7" tag="651"><subfield code="a">Indiana</subfield><subfield code="z">Linton.</subfield><subfield code="2">fast</subfield><subfield code="0">(OCoLC)fst01218066</subfield></datafield><datafield ind1=" " ind2="7" tag="655"><subfield code="a">Newspapers.</subfield><subfield code="2">fast</subfield><subfield code="0">(OCoLC)fst01423814</subfield></datafield><datafield ind1=" " ind2=" " tag="752"><subfield code="a">United States</subfield><subfield code="b">Indiana</subfield><subfield code="c">Greene</subfield><subfield code="d">Linton.</subfield></datafield><datafield ind1="0" ind2="4" tag="780"><subfield code="t">Linton daily citizen</subfield><subfield code="w">(DLC)sn 86058767</subfield><subfield code="w">(OCoLC)14205480</subfield></datafield><datafield ind1="0" ind2="4" tag="780"><subfield code="t">Evening world (Bloomfield, Ind.)</subfield><subfield code="w">(DLC)sn 86058740</subfield><subfield code="w">(OCoLC)14204709</subfield></datafield><datafield ind1="0" ind2="0" tag="785"><subfield code="t">Greene County daily world</subfield><subfield code="w">(DLC)sn2007060701</subfield><subfield code="w">(OCoLC)77570141</subfield></datafield><datafield ind1="1" ind2=" " tag="029"><subfield code="a">AU@</subfield><subfield code="b">000040181808</subfield></datafield></record>